<?xml version="1.0" encoding="utf-8"?>
<record xmlns="http://www.loc.gov/MARC21/slim" xmlns:xsi="http://www.w3.org/2001/XMLSchema-instance" xsi:schemaLocation="http://www.loc.gov/MARC21/slim http://www.loc.gov/standards/marcxml/schema/MARC21slim.xsd">
	<leader>     nam a22     Mi 4500</leader>
	<controlfield tag="001">5004276</controlfield>
	<controlfield tag="003">NNC</controlfield>
	<controlfield tag="006">m        d        </controlfield>
	<controlfield tag="007">cr cn |||m|||a</controlfield>
	<controlfield tag="008">190404m18851896le      o     000 0 araod</controlfield>
	<datafield ind1=" " ind2=" " tag="040">
		<subfield code="a">ZYU</subfield>
		<subfield code="b">ara</subfield>
		<subfield code="e">rda</subfield>
		<subfield code="c">ZYU</subfield>
	</datafield>
	<datafield ind1=" " ind2="4" tag="050">
		<subfield code="a">PJ7601</subfield>
		<subfield code="b">C5</subfield>
	</datafield>
	<datafield ind1="1" ind2=" " tag="100">
		<subfield code="6">880-01</subfield>
		<subfield code="a">Cheikho, Louis,</subfield>
		<subfield code="d">1859-1927.</subfield>
	</datafield>
	<datafield ind1="1" ind2="0" tag="245">
		<subfield code="6">880-02</subfield>
		<subfield code="a">Majānī al-adab fī ḥadāʼiq al-ʻArab /</subfield>
		<subfield code="c">ʻuniya bi-jamʻihi wa-ḍabṭihi wa-taṣḥīḥihi Luwīs Shīkhū al-Yasūʻī.</subfield>
	</datafield>
	<datafield ind1=" " ind2=" " tag="260">
		<subfield code="6">880-03</subfield>
		<subfield code="a">Bayrūt :</subfield>
		<subfield code="b">Matbaʻat al-Ābāʼ al-Yasūʻīyīn,</subfield>
		<subfield code="c">1896-1910.</subfield>
	</datafield>
	<datafield ind1=" " ind2=" " tag="300">
		<subfield code="a">online resource (7 volumes in 10,)</subfield>
	</datafield>
	<datafield ind1=" " ind2=" " tag="336">
		<subfield code="a">text</subfield>
		<subfield code="2">rdacontent</subfield>
	</datafield>
	<datafield ind1=" " ind2=" " tag="337">
		<subfield code="a">computer</subfield>
		<subfield code="2">rdamedia</subfield>
	</datafield>
	<datafield ind1=" " ind2=" " tag="338">
		<subfield code="a">online resource</subfield>
		<subfield code="2">rdacarrier</subfield>
	</datafield>
	<datafield ind1=" " ind2=" " tag="500">
		<subfield code="a">An Arabic chrestomathy.</subfield>
	</datafield>
	<datafield ind1=" " ind2=" " tag="500">
		<subfield code="a">Vols. 1-6, texts; vol. 7, index.</subfield>
	</datafield>
	<datafield ind1=" " ind2=" " tag="500">
		<subfield code="a">Vols. 8-10 are paged continuously and have title: Sharḥ majānī al-adab.</subfield>
	</datafield>
	<datafield ind1=" " ind2=" " tag="500">
		<subfield code="a">Part of the Arabic Collections Online (ACO) project, contributed by Columbia University Libraries.</subfield>
	</datafield>
	<datafield ind1=" " ind2=" " tag="533">
		<subfield code="a">Electronic reproduction.</subfield>
		<subfield code="b">New York, N.Y. :</subfield>
		<subfield code="c">New York University,</subfield>
		<subfield code="d">2019.</subfield>
		<subfield code="5">NNU</subfield>
	</datafield>
	<datafield ind1=" " ind2="0" tag="650">
		<subfield code="a">Arabic literature</subfield>
		<subfield code="v">Readers.</subfield>
	</datafield>
	<datafield ind1=" " ind2="0" tag="650">
		<subfield code="a">Arabic literature</subfield>
		<subfield code="v">Collections.</subfield>
	</datafield>
	<datafield ind1=" " ind2="7" tag="650">
		<subfield code="a">Arabic literature.</subfield>
		<subfield code="2">fast</subfield>
		<subfield code="0">(OCoLC)fst00812478</subfield>
	</datafield>
	<datafield ind1=" " ind2="7" tag="655">
		<subfield code="a">Collections.</subfield>
		<subfield code="2">fast</subfield>
		<subfield code="0">(OCoLC)fst01424032</subfield>
	</datafield>
	<datafield ind1=" " ind2="7" tag="655">
		<subfield code="a">Readers.</subfield>
		<subfield code="2">fast</subfield>
		<subfield code="0">(OCoLC)fst01423896</subfield>
	</datafield>
	<datafield ind1="2" ind2=" " tag="710">
		<subfield code="a">Columbia University.</subfield>
		<subfield code="b">Libraries.</subfield>
	</datafield>
	<datafield ind1="0" ind2=" " tag="730">
		<subfield code="a">Arabic Collections Online.</subfield>
	</datafield>
	<datafield ind1="0" ind2="8" tag="776">
		<subfield code="i">Online version:</subfield>
		<subfield code="a">Cheikho, Louis, 1859-1927.</subfield>
		<subfield code="t">Majānī al-adab.</subfield>
		<subfield code="d">Beirut, Jesuit press, 1885-1896 [vol. 1, 1896]</subfield>
		<subfield code="w">(OCoLC)654174524</subfield>
	</datafield>
	<datafield ind1="0" ind2="8" tag="776">
		<subfield code="i">Print version:</subfield>
		<subfield code="a">Cheikho, Louis, 1859-1927.</subfield>
		<subfield code="t">Majānī al-adab fī ḥadāʼiq al-ʻArab</subfield>
		<subfield code="w">(NNC)5004276</subfield>
		<subfield code="w">(OCoLC)32728629</subfield>
	</datafield>
	<datafield ind1="4" ind2="0" tag="856">
		<subfield code="u">http://hdl.handle.net/2333.1/cjsxm1tp</subfield>
	</datafield>
	<datafield ind1="1" ind2=" " tag="880">
		<subfield code="6">100-01</subfield>
		<subfield code="a">شيخو، لويس،</subfield>
		<subfield code="d">1859-1927.</subfield>
	</datafield>
	<datafield ind1="1" ind2="0" tag="880">
		<subfield code="6">245-02</subfield>
		<subfield code="a">مجاني الأدب في حدائق العرب /</subfield>
		<subfield code="c">عني بجمعه وضبطه وتصحيحه لويس شيخو اليسوعي.</subfield>
	</datafield>
	<datafield ind1=" " ind2=" " tag="880">
		<subfield code="6">260-03</subfield>
		<subfield code="a">بيروت :</subfield>
		<subfield code="b">مطبعة الآباء اليسوعيين،</subfield>
		<subfield code="c">1896-1910.</subfield>
	</datafield>
	<datafield ind1=" " ind2=" " tag="959">
		<subfield code="a">NNU</subfield>
		<subfield code="b">WEB</subfield>
		<subfield code="c">GENI</subfield>
		<subfield code="t">0</subfield>
		<subfield code="m">Electronic access</subfield>
		<subfield code="s">01</subfield>
	</datafield>
	<datafield ind1=" " ind2=" " tag="999">
		<subfield code="i">NNC_5004276</subfield>
		<subfield code="o">(OCoLC)ocm32728629</subfield>
		<subfield code="s">columbia_aco003722:v.1</subfield>
		<subfield code="s">columbia_aco003723:v.2</subfield>
		<subfield code="s">columbia_aco003724:v.3</subfield>
		<subfield code="s">columbia_aco003725:v.4</subfield>
		<subfield code="s">columbia_aco003726:v.5</subfield>
		<subfield code="s">columbia_aco003727:v.6</subfield>
		<subfield code="s">columbia_aco003728:v.7</subfield>
		<subfield code="s">columbia_aco003729:v.8</subfield>
		<subfield code="s">columbia_aco003730:v.9</subfield>
		<subfield code="s">columbia_aco003731:v.10</subfield>
		<subfield code="e">(ERROR-880)</subfield>
		<subfield code="s">columbia_aco003722:v.1</subfield>
		<subfield code="s">columbia_aco003723:v.2</subfield>
		<subfield code="s">columbia_aco003724:v.3</subfield>
		<subfield code="s">columbia_aco003725:v.4</subfield>
		<subfield code="s">columbia_aco003726:v.5</subfield>
		<subfield code="s">columbia_aco003727:v.6</subfield>
		<subfield code="s">columbia_aco003728:v.7</subfield>
		<subfield code="s">columbia_aco003729:v.8</subfield>
		<subfield code="s">columbia_aco003730:v.9</subfield>
		<subfield code="s">columbia_aco003731:v.10</subfield>
	</datafield>
</record>
